<?xml version="1.0" encoding="utf-8"?>
<record xmlns="http://www.loc.gov/MARC21/slim" xmlns:xsi="http://www.w3.org/2001/XMLSchema-instance" xsi:schemaLocation="http://www.loc.gov/MARC21/slim http://www.loc.gov/standards/marcxml/schema/MARC21slim.xsd">
	<leader>     nam a22        4500</leader>
	<controlfield tag="001">b12335150</controlfield>
	<controlfield tag="003">LeBAU</controlfield>
	<controlfield tag="006">m        d        </controlfield>
	<controlfield tag="007">cr cn |||m|||a</controlfield>
	<controlfield tag="008">170310s1930    ua      o     ||0 0 ara d</controlfield>
	<datafield ind1=" " ind2=" " tag="040">
		<subfield code="a">NNU</subfield>
		<subfield code="b">ara</subfield>
		<subfield code="e">rda</subfield>
		<subfield code="c">NNU</subfield>
	</datafield>
	<datafield ind1="0" ind2="4" tag="082">
		<subfield code="a">297.08</subfield>
		<subfield code="2">20</subfield>
	</datafield>
	<datafield ind1="1" ind2=" " tag="100">
		<subfield code="6">880-01</subfield>
		<subfield code="a">Ujhūrī, ʻAṭīyat Allāh ibn ʻAṭīyah,</subfield>
		<subfield code="d">-1776 or 1777,</subfield>
		<subfield code="e">author.</subfield>
	</datafield>
	<datafield ind1="1" ind2="0" tag="245">
		<subfield code="6">880-02</subfield>
		<subfield code="a">Ḥāshīyat al-‘allāmah al-muḥaqqiq al-shaykh ʻAṭīyah al-Ajhūrī ʻalá Sharḥ sayyidī Muḥammad al-Zurqānī ʻala manẓūmat al-Bayqūnīyah lil-‘allāmah al-Shaykh ‘Umar ibn al-Shaykh Muḥammad ibn al-Futūḥ al-Dimashqī al-Shāfi‘ī fī ‘ilm muṣṭalaḥ al-ḥadīth.</subfield>
	</datafield>
	<datafield ind1=" " ind2="1" tag="264">
		<subfield code="6">880-03</subfield>
		<subfield code="a">Miṣr :</subfield>
		<subfield code="b">Muṣṭafá al-Bābī al-Halabī wa-Awlāduh,</subfield>
		<subfield code="c">1349 H., [1930? M.]</subfield>
	</datafield>
	<datafield ind1=" " ind2=" " tag="300">
		<subfield code="6">880-04</subfield>
		<subfield code="a">online resource (88 pages)</subfield>
	</datafield>
	<datafield ind1=" " ind2=" " tag="336">
		<subfield code="a">text</subfield>
		<subfield code="2">rdacontent</subfield>
	</datafield>
	<datafield ind1=" " ind2=" " tag="337">
		<subfield code="a">computer</subfield>
		<subfield code="2">rdamedia</subfield>
	</datafield>
	<datafield ind1=" " ind2=" " tag="338">
		<subfield code="a">online resource</subfield>
		<subfield code="2">rdacarrier</subfield>
	</datafield>
	<datafield ind1=" " ind2=" " tag="500">
		<subfield code="a">Part of the Arabic Collections Online (ACO) project, contributed by American University of Beirut's Jafet Memorial Library.</subfield>
	</datafield>
	<datafield ind1=" " ind2=" " tag="533">
		<subfield code="a">Electronic reproduction.</subfield>
		<subfield code="b">New York, N.Y. :</subfield>
		<subfield code="c">New York University,</subfield>
		<subfield code="d">2017.</subfield>
		<subfield code="5">NNU</subfield>
	</datafield>
	<datafield ind1="1" ind2="4" tag="600">
		<subfield code="a">الزرقاني، محمد بن عبد الباقي،</subfield>
		<subfield code="d">1645-1710.</subfield>
		<subfield code="t">شرح البيقونية.</subfield>
	</datafield>
	<datafield ind1="1" ind2="4" tag="600">
		<subfield code="a">البيقوني، طه بن محمد،</subfield>
		<subfield code="d">اشتهر في القرن 17.</subfield>
		<subfield code="t">منظومة البيقونية.</subfield>
	</datafield>
	<datafield ind1="1" ind2="0" tag="600">
		<subfield code="a">Zurqānī, Muḥammad ibn ʻAbd al-Bāqī,</subfield>
		<subfield code="d">1645-1710.</subfield>
		<subfield code="t">Sharḥ al-Bayqūnīyah.</subfield>
	</datafield>
	<datafield ind1="1" ind2="0" tag="600">
		<subfield code="a">Bayqūnī, Ṭāhā ibn Muḥammad,</subfield>
		<subfield code="d">active 17th century.</subfield>
		<subfield code="t">Manẓūmah al-Bayqūnīyah.</subfield>
	</datafield>
	<datafield ind1=" " ind2="4" tag="650">
		<subfield code="a">الحديث</subfield>
		<subfield code="x">مصطلحات</subfield>
		<subfield code="v">اعمال قديمة حتى 1800.</subfield>
	</datafield>
	<datafield ind1=" " ind2="0" tag="650">
		<subfield code="a">Hadith</subfield>
		<subfield code="v">Terminology</subfield>
		<subfield code="v">Early works to 1800.</subfield>
	</datafield>
	<datafield ind1="2" ind2=" " tag="710">
		<subfield code="a">Jafet Memorial Library.</subfield>
	</datafield>
	<datafield ind1="0" ind2=" " tag="730">
		<subfield code="a">Arabic Collections Online.</subfield>
	</datafield>
	<datafield ind1="0" ind2="8" tag="776">
		<subfield code="i">Print version:</subfield>
		<subfield code="a">Ujhūrī, ʻAṭīyat Allāh ibn ʻAṭīyah, -1776 or 1777, author.</subfield>
		<subfield code="t">Ḥāshīyat al-‘allāmah al-muḥaqqiq al-shaykh ʻAṭīyah al-Ajhūrī ʻalá Sharḥ sayyidī Muḥammad al-Zurqānī ʻala manẓūmat al-Bayqūnīyah lil-‘allāmah al-Shaykh ‘Umar ibn al-Shaykh Muḥammad ibn al-Futūḥ al-Dimashqī al-Shāfi‘ī fī ‘ilm muṣṭalaḥ al-ḥadīth</subfield>
		<subfield code="w">(LeBAU)b12335150</subfield>
	</datafield>
	<datafield ind1="4" ind2="0" tag="856">
		<subfield code="u">http://hdl.handle.net/2333.1/2bvq87xk</subfield>
	</datafield>
	<datafield ind1="1" ind2=" " tag="880">
		<subfield code="6">100-01/(3/r</subfield>
		<subfield code="a">الاجهوري، عطية الله بن عطية،</subfield>
		<subfield code="d">-1776 او 1777،</subfield>
		<subfield code="e">مؤلف. </subfield>
		<subfield code="4">aut.</subfield>
	</datafield>
	<datafield ind1="1" ind2="0" tag="880">
		<subfield code="6">245-02/(3/r</subfield>
		<subfield code="a">حاشية العلامة المحقق الشيخ عطية الأجهورى على شرح سيدي محمد الزرقاني على منظومة البيقونية للعلامة الشيخ عمر إبن الشيخ محمد بن فتوح الدمشقي الشافعي في علم مصطلح الحديث. </subfield>
	</datafield>
	<datafield ind1=" " ind2="1" tag="880">
		<subfield code="6">264-03/(3/r</subfield>
		<subfield code="a">مصر :</subfield>
		<subfield code="b">مصطفىى البابي الحلبي وأولاده،</subfield>
		<subfield code="c">1349 هـ.، [1930؟ م.]</subfield>
	</datafield>
	<datafield ind1=" " ind2=" " tag="880">
		<subfield code="6">300-04/(3/r</subfield>
		<subfield code="a">88 صفحة ؛</subfield>
		<subfield code="c">27 سم</subfield>
	</datafield>
	<datafield ind1=" " ind2=" " tag="959">
		<subfield code="a">NNU</subfield>
		<subfield code="b">WEB</subfield>
		<subfield code="c">GENI</subfield>
		<subfield code="t">0</subfield>
		<subfield code="m">Electronic access</subfield>
		<subfield code="s">01</subfield>
	</datafield>
	<datafield ind1=" " ind2=" " tag="999">
		<subfield code="i">LeBAU_b12335150</subfield>
		<subfield code="s">aub_aco000886</subfield>
		<subfield code="e">(ERROR-MISC)</subfield>
	</datafield>
</record>
